<?xml version="1.0" encoding="UTF-8"?><record xmlns="http://www.loc.gov/MARC21/slim" xmlns:cinclude="http://apache.org/cocoon/include/1.0" xmlns:zs="http://www.loc.gov/zing/srw/">
  <leader>01147cz  a2200205n  4500</leader>
  <controlfield tag="001">no2007037614</controlfield>
  <controlfield tag="003">DLC</controlfield>
  <controlfield tag="005">20120818081840.0</controlfield>
  <controlfield tag="008">070405n| acannaabn          |a ana      </controlfield>
  <datafield tag="010" ind1=" " ind2=" ">
    <subfield code="a">no2007037614</subfield>
  </datafield>
  <datafield tag="035" ind1=" " ind2=" ">
    <subfield code="a">(OCoLC)oca07374498</subfield>
  </datafield>
  <datafield tag="040" ind1=" " ind2=" ">
    <subfield code="a">DLC-S</subfield>
    <subfield code="b">eng</subfield>
    <subfield code="c">DLC-S</subfield>
  </datafield>
  <datafield tag="110" ind1="2" ind2=" ">
    <subfield code="a">Sathāban Māttrathān ʻĀhān Hālān</subfield>
  </datafield>
  <datafield tag="410" ind1="2" ind2=" ">
    <subfield code="a">Institute for Halal Food Standard of Thailand</subfield>
  </datafield>
  <datafield tag="410" ind1="2" ind2=" ">
    <subfield code="a">Halal Standard Institute of Thailand</subfield>
  </datafield>
  <datafield tag="410" ind1="2" ind2=" ">
    <subfield code="a">Khana Kammakān Klāng ʻItsalām hǣng Prathēt Thai.</subfield>
    <subfield code="b">Sathāban Māttrathān ʻĀhān Hālān</subfield>
  </datafield>
  <datafield tag="410" ind1="2" ind2=" ">
    <subfield code="a">Khana Kammakān Klāng ʻItsalām hǣng Prathēt Thai.</subfield>
    <subfield code="b">Institute for Halal Food Standard of Thailand</subfield>
  </datafield>
  <datafield tag="410" ind1="2" ind2=" ">
    <subfield code="a">Khana Kammakān Klāng ʻItsalām hǣng Prathēt Thai.</subfield>
    <subfield code="b">Halal Standard Institute of Thailand</subfield>
  </datafield>
  <datafield tag="670" ind1=" " ind2=" ">
    <subfield code="a">Hālān Thai, 2006:</subfield>
    <subfield code="b">cover (Institute for Halal Food Standard of Thailand) p.4 (Sathāban Māttrathān ʻĀhān Hālān, Khana Kammakān Klāng ʻItsalām hǣng Prathēt Thai)</subfield>
  </datafield>
  <datafield tag="670" ind1=" " ind2=" ">
    <subfield code="a">Thailand halal directory 2010-2011, 2009?:</subfield>
    <subfield code="b">t.p. (The Halal Standard Institute of Thailand, The Central Islamic Committee of Thailand)</subfield>
  </datafield>
</record>